<record><leader>00000cas a22000007a 4500</leader><controlfield tag="001">33961682</controlfield><controlfield tag="008">951226d19871989nyuwr ne      0    0eng d</controlfield><datafield ind1=" " ind2=" " tag="010"><subfield code="a">sn 96083543 </subfield></datafield><datafield ind1=" " ind2=" " tag="040"><subfield code="a">NYS</subfield><subfield code="b">eng</subfield><subfield code="c">NYS</subfield><subfield code="d">OCL</subfield><subfield code="d">NYS</subfield><subfield code="d">OCLCF</subfield><subfield code="d">OCLCO</subfield></datafield><datafield ind1=" " ind2=" " tag="042"><subfield code="a">msc</subfield></datafield><datafield ind1=" " ind2="4" tag="050"><subfield code="a">AN2</subfield><subfield code="b">.P62</subfield></datafield><datafield ind1="0" ind2="0" tag="245"><subfield code="a">Port Jefferson Station Terryville record.</subfield></datafield><datafield ind1="0" ind2="0" tag="246"><subfield code="a">Port Jefferson Station-Terryville record</subfield></datafield><datafield ind1=" " ind2=" " tag="260"><subfield code="a">Port Jefferson, N.Y. :</subfield><subfield code="b">Thorn Holding, Ltd.,</subfield><subfield code="c">1987-</subfield></datafield><datafield ind1=" " ind2=" " tag="300"><subfield code="a">v.</subfield></datafield><datafield ind1=" " ind2=" " tag="310"><subfield code="a">Weekly</subfield></datafield><datafield ind1="0" ind2=" " tag="362"><subfield code="a">Vol. 1, no. 1 (July 2, 1987)-</subfield></datafield><datafield ind1="1" ind2=" " tag="362"><subfield code="a">Ceased in 1989?</subfield></datafield><datafield ind1=" " ind2=" " tag="500"><subfield code="a">Published in Port Jefferson Station, N.Y., Oct. 22, 1987-July 7, 1988; and in Port Jefferson Station, N.Y., July 14, 1988-   .</subfield></datafield><datafield ind1=" " ind2=" " tag="580"><subfield code="a">Merged with: Bayport Blue Point record, and: Centereach Selden record, and: North Shore record, and: Patchogue Medford record, and: Port Jefferson record (Port Jefferson, N.Y. : 1969), and: Ronkonkoma Holbrook record, to form: Record (Port Jefferson Station, N.Y.).</subfield></datafield><datafield ind1=" " ind2="0" tag="651"><subfield code="a">Port Jefferson (N.Y.)</subfield><subfield code="v">Newspapers.</subfield></datafield><datafield ind1=" " ind2="0" tag="651"><subfield code="a">Port Jefferson Station (N.Y.)</subfield><subfield code="v">Newspapers.</subfield></datafield><datafield ind1=" " ind2="0" tag="651"><subfield code="a">Terryville (N.Y.)</subfield><subfield code="v">Newspapers.</subfield></datafield><datafield ind1=" " ind2="0" tag="651"><subfield code="a">Suffolk County (N.Y.)</subfield><subfield code="v">Newspapers.</subfield></datafield><datafield ind1=" " ind2="7" tag="655"><subfield code="a">Newspapers.</subfield><subfield code="2">fast</subfield><subfield code="0">(OCoLC)fst01423814</subfield></datafield><datafield ind1=" " ind2="7" tag="651"><subfield code="a">New York (State)</subfield><subfield code="z">Port Jefferson.</subfield><subfield code="2">fast</subfield><subfield code="0">(OCoLC)fst01203448</subfield></datafield><datafield ind1=" " ind2="7" tag="651"><subfield code="a">New York (State)</subfield><subfield code="z">Port Jefferson Station.</subfield><subfield code="2">fast</subfield><subfield code="0">(OCoLC)fst01257824</subfield></datafield><datafield ind1=" " ind2="7" tag="651"><subfield code="a">New York (State)</subfield><subfield code="z">Suffolk County.</subfield><subfield code="2">fast</subfield><subfield code="0">(OCoLC)fst01207260</subfield></datafield><datafield ind1=" " ind2="7" tag="651"><subfield code="a">New York (State)</subfield><subfield code="z">Terryville.</subfield><subfield code="2">fast</subfield><subfield code="0">(OCoLC)fst01257826</subfield></datafield><datafield ind1=" " ind2=" " tag="752"><subfield code="a">United States</subfield><subfield code="b">New York</subfield><subfield code="c">Suffolk</subfield><subfield code="d">Port Jefferson Station.</subfield></datafield><datafield ind1=" " ind2=" " tag="752"><subfield code="a">United States</subfield><subfield code="b">New York</subfield><subfield code="c">Suffolk</subfield><subfield code="d">Port Jefferson.</subfield></datafield><datafield ind1=" " ind2=" " tag="752"><subfield code="a">United States</subfield><subfield code="b">New York</subfield><subfield code="c">Suffolk</subfield><subfield code="d">Terryville.</subfield></datafield><datafield ind1="1" ind2="7" tag="785"><subfield code="t">Bayport Blue Point record</subfield><subfield code="w">(DLC)sn 95071264</subfield><subfield code="w">(OCoLC)32745841</subfield></datafield><datafield ind1="1" ind2="7" tag="785"><subfield code="t">Centereach Selden record</subfield><subfield code="w">(DLC)sn 96083541</subfield><subfield code="w">(OCoLC)33961652</subfield></datafield><datafield ind1="1" ind2="7" tag="785"><subfield code="t">North Shore record</subfield><subfield code="w">(DLC)sn 96083542</subfield><subfield code="w">(OCoLC)33961606</subfield></datafield><datafield ind1="1" ind2="7" tag="785"><subfield code="t">Port Jefferson record (Port Jefferson, N.Y. : 1969)</subfield><subfield code="w">(DLC)sn 84031530</subfield><subfield code="w">(OCoLC)11088818</subfield></datafield><datafield ind1="1" ind2="7" tag="785"><subfield code="t">Patchogue Medford record</subfield><subfield code="w">(DLC)sn 95071265</subfield><subfield code="w">(OCoLC)31383675</subfield></datafield><datafield ind1="1" ind2="7" tag="785"><subfield code="t">Ronkonkoma Holbrook record</subfield><subfield code="w">(DLC)sn 96083544</subfield><subfield code="w">(OCoLC)33961570</subfield></datafield><datafield ind1="1" ind2="7" tag="785"><subfield code="t">Record (Port Jefferson Station, N.Y.)</subfield><subfield code="w">(DLC)sn 95071266</subfield><subfield code="w">(OCoLC)32747616</subfield></datafield></record>